% Encoding: UTF-8

@InProceedings{Obst2014,
  author    = {M. Obst and A. Hahn and L. Urbas},
  title     = {Package unit integration for process industry --- A new description approach},
  booktitle = {Proc. IEEE Emerging Technology and Factory Automation (ETFA)},
  year      = {2014},
  pages     = {1--8},
  month     = sep,
  doi       = {10.1109/ETFA.2014.7005159},
  file      = {:C\:\\Users\\Mariuz\\Google Drive\\DA Fehlerfortpflanzung in Modularen Anlagen\\Literatur\\02_Artikel\\[Obst,Hahn,Urbas2014]Package Unit Integration for Process Industry.pdf:PDF},
  issn      = {1946-0740},
  keywords  = {SCADA systems, control engineering computing, distributed control, formal languages, process control, DCS, EDDL, SCADA, field device integration, formal description language, master control system, modular plug-and-produce methodology, package unit integration, package unit management, package unit visualization, tool chains, uniform formal quantitative description, Abstracts, Automation, Control systems, Industries, Manuals, Materials, Process control, DSC, EDDL, Modularisation, Package Unit Integration},
}

@InProceedings{Oppelt2015,
  author    = {M. Oppelt and G. Wolf and L. Urbas},
  title     = {Towards an integrated use of simulation within the life-cycle of a process plant},
  booktitle = {Proc. IEEE 20th Conf. Emerging Technologies Factory Automation (ETFA)},
  year      = {2015},
  pages     = {1--8},
  month     = sep,
  doi       = {10.1109/ETFA.2015.7301521},
  file      = {:C\:\\Users\\Mariuz\\Google Drive\\DA Fehlerfortpflanzung in Modularen Anlagen\\Literatur\\02_Artikel\\[Oppelt,Wolf,Urbas2015]Towards an integrated use of simulation within the life-cycle of a process plant.pdf:PDF},
  issn      = {1946-0740},
  keywords  = {factory automation, industrial plants, production engineering computing, engineering phase, global online survey, operational phase, plant design, process automation, process plant life-cycle, prototypical implementation, simulation technology, Automation, Data models, Mathematical model, Optimization, Process control, Production, Training, operator training, optimization, plant design, process automation, simulation, virtual commissioning},
}

@InProceedings{Wassilew2016,
  author    = {S. Wassilew and L. Urbas and J. Ladiges and A. Fay and T. Holm},
  title     = {Transformation of the NAMUR MTP to OPC UA to allow plug and produce for modular process automation},
  booktitle = {Proc. IEEE 21st Int. Conf. Emerging Technologies and Factory Automation (ETFA)},
  year      = {2016},
  pages     = {1--9},
  month     = sep,
  doi       = {10.1109/ETFA.2016.7733749},
  file      = {:C\:\\Users\\Mariuz\\Google Drive\\DA Fehlerfortpflanzung in Modularen Anlagen\\Literatur\\02_Artikel\\[Wassilew,Obst,Ladiges,Fay,Holm2016]Transformation of the NAMUR MTP to OPC UA to allow Plug and Produce for Modular Process Automation.pdf:PDF},
  keywords  = {innovation management, process control, standardisation, MTP files, NAMUR MTP, OPC UA, industrial communication technology, market volatility, modular process automation, modularization, module type package files, process control systems, process module online discovery, product innovation cycles, reconfigurable process plants, semantic description, standardization activities, Automation, Data models, IEC Standards, Object oriented modeling, Plugs, Process control, Production, Module Type Package, NAMUR MTP, OPC UA, decentralized intelligence, modular process automation},
}

@InProceedings{Obst2013,
  author    = {M. Obst and S. Runde and G. Wolf and L. Urbas},
  title     = {Integration requirements of package units --- A description approach with {FDI}},
  booktitle = {Proc. IEEE 18th Conf. Emerging Technologies Factory Automation (ETFA)},
  year      = {2013},
  pages     = {1--8},
  month     = sep,
  doi       = {10.1109/ETFA.2013.6647974},
  file      = {:C\:\\Users\\Mariuz\\Google Drive\\DA Fehlerfortpflanzung in Modularen Anlagen\\Literatur\\02_Artikel\\[Obst,Runde,Wolf,Urbas2013]Integration requirements of package units - A description approach with FDI.pdf:PDF},
  issn      = {1946-0740},
  keywords  = {SCADA systems, assembling, process control, DCS, FDI packages, SCADA, field device integration technology, package unit management, package unit visualization, process control system, product assembling, production plant automation, Automation, Control systems, IEC standards, Particle separators, Production, XML},
}

@PhdThesis{Graf2000,
  author = {Holger Graf},
  title  = {Ein modellbasierter Ansatz zur rechnergest{\"u}tzten Sicherheitsbetrachtung von Chemieanlagen W{\"a}hrend der Planungsphase},
  school = {Technische Universit{\"a}t Dortmund},
  year   = {2000},
}

@Article{Hugo2009,
  author    = {P. Hugo and F. Lopez},
  title     = {Umwandlung diskontinuierlicher chemischer Prozesse in eine kontinuierliche Prozessf\"uhrung unter Verwendung mikrostrukturierter Reaktoren - Reaktionstechnik und Sicherheit},
  journal   = {Chemie Ingenieur Technik},
  year      = {2009},
  volume    = {81},
  number    = {1-2},
  pages     = {145--152},
  month     = {feb},
  doi       = {10.1002/cite.200800132},
  file      = {:C\:\\Users\\Mariuz\\Google Drive\\DA Fehlerfortpflanzung in Modularen Anlagen\\Literatur\\02_Artikel\\[Hugo,Lopez2009]Umwandlung diskontinuierlicher chemischer Prozesse in eine kontinuierliche Prozessfuehrung unter Verwendung mikrostrukturierter .pdf:PDF},
  publisher = {Wiley-Blackwell},
}

@Article{Sell_2013,
  author    = {Ina Sell and Denise Ott and Dana Kralisch},
  title     = {Lebenszykluskostenanalyse zur Entscheidungsunterst\"utzung in der chemischen Prozessentwicklung},
  journal   = {Chemie Ingenieur Technik},
  year      = {2013},
  volume    = {85},
  number    = {4},
  pages     = {447--454},
  month     = {mar},
  doi       = {10.1002/cite.201200246},
  file      = {:C\:\\Users\\Mariuz\\Google Drive\\DA Fehlerfortpflanzung in Modularen Anlagen\\Literatur\\02_Artikel\\[Sell,Ott,Kralich2013]Lebenszykluskostenanalyse zur Entscheidungsunterstuetzung in der chemischen Prozessentwicklung.pdf:PDF},
  publisher = {Wiley-Blackwell},
}

@Article{Kampczyk_2003,
  author    = {B. Kampczyk and A. Burdorf and B. Hicking and H. Schmidt-Traub},
  title     = {Effizientere Anlagenplanung durch Modularisierung?},
  journal   = {Chemie Ingenieur Technik},
  year      = {2003},
  volume    = {75},
  number    = {5},
  pages     = {540--543},
  month     = {may},
  doi       = {10.1002/cite.200390104},
  file      = {:C\:\\Users\\Mariuz\\Google Drive\\DA Fehlerfortpflanzung in Modularen Anlagen\\Literatur\\02_Artikel\\[Kampczyk,Burdorf,Hicking,Schmidt-Traub2003]Effizientere Anlagenplanung durch Modularisierung.pdf:PDF},
  publisher = {Wiley-Blackwell},
}

@Article{Bramsiepe_2012,
  author    = {Christian Bramsiepe and Gerhard Schembecker},
  title     = {Die 50 {\%}-Idee: Modularisierung im Planungsprozess},
  journal   = {Chemie Ingenieur Technik},
  year      = {2012},
  volume    = {84},
  number    = {5},
  pages     = {581--587},
  month     = {apr},
  doi       = {10.1002/cite.201100250},
  file      = {:C\:\\Users\\Mariuz\\Google Drive\\DA Fehlerfortpflanzung in Modularen Anlagen\\Literatur\\02_Artikel\\[Bramsiepe,Schembecker2012]Die 50 Proz Idee_ Modularisierung im Planungsprozess.pdf:PDF},
  publisher = {Wiley-Blackwell},
}

@Article{Hady_2012,
  author    = {{\L}ukasz Hady and G\"unter Wozny},
  title     = {Multikriterielle Aspekte der Modularisierung bei der Planung verfahrenstechnischer Anlagen},
  journal   = {Chemie Ingenieur Technik},
  year      = {2012},
  volume    = {84},
  number    = {5},
  pages     = {597--614},
  month     = {mar},
  doi       = {10.1002/cite.201100175},
  file      = {:C\:\\Users\\Mariuz\\Google Drive\\DA Fehlerfortpflanzung in Modularen Anlagen\\Literatur\\02_Artikel\\[Hady,Wozny2012]Multikriterielle Aspekte der Modularisierung bei der Planung verfahrenstechnischer Anlagen.pdf:PDF},
  publisher = {Wiley-Blackwell},
}

@Article{Urbas_2012,
  author    = {Leon Urbas and Falk Doherr and Annett Krause and Michael Obst},
  title     = {Modularisierung und Prozessf\"uhrung},
  journal   = {Chemie Ingenieur Technik},
  year      = {2012},
  volume    = {84},
  number    = {5},
  pages     = {615--623},
  month     = {apr},
  doi       = {10.1002/cite.201200034},
  file      = {:C\:\\Users\\Mariuz\\Google Drive\\DA Fehlerfortpflanzung in Modularen Anlagen\\Literatur\\02_Artikel\\[Urbas,Doherr,Krause,Obst2012]Modularisierung und Prozessfuehrung.pdf:PDF},
  publisher = {Wiley-Blackwell},
}

@Article{Dietz_2000,
  author    = {Peter Dietz and Uwe Neumann},
  title     = {Verfahrenstechnische Maschinen {\textemdash} Chancen der gleichzeitigen Proze{\ss}- und Maschinenentwicklung},
  journal   = {Chemie Ingenieur Technik},
  year      = {2000},
  volume    = {72},
  number    = {1-2},
  pages     = {9--16},
  month     = {jan},
  doi       = {10.1002/1522-2640(200001)72:1/2<9::aid-cite9>3.0.co;2-7},
  file      = {:C\:\\Users\\Mariuz\\Google Drive\\DA Fehlerfortpflanzung in Modularen Anlagen\\Literatur\\02_Artikel\\[Dietz,Neumann2000]Verfahrenstechnische Maschinen und Chancen der gleichzeitigen Prozess- und Maschinenentwicklung.pdf:PDF},
  publisher = {Wiley-Blackwell},
}

@Article{Dunj__2010,
  author    = {Jordi Dunj{\'{o}} and Vasilis Fthenakis and Juan A. V{\'{\i}}lchez and Josep Arnaldos},
  title     = {Hazard and operability ({HAZOP}) analysis. A literature review},
  journal   = {Journal of Hazardous Materials},
  year      = {2010},
  volume    = {173},
  number    = {1-3},
  pages     = {19--32},
  month     = {jan},
  doi       = {10.1016/j.jhazmat.2009.08.076},
  file      = {:C\:\\Users\\Mariuz\\Google Drive\\DA Fehlerfortpflanzung in Modularen Anlagen\\Literatur\\02_Artikel\\[Dunjo,Fthenakis,Vilchez,Arnaldos2009]Hazard and operability (HAZOP) analysis. A literature review.pdf:PDF},
  publisher = {Elsevier {BV}},
}

@Article{Lier_2016,
  author    = {Stefan Lier and Sarah Paul and Dennis Ferdinand and Marcus Grünewald},
  title     = {Modulare Verfahrenstechnik: Apparateentwicklung für wandlungsfähige Produktionssysteme},
  journal   = {Chemie Ingenieur Technik},
  year      = {2016},
  volume    = {88},
  number    = {10},
  pages     = {1444--1454},
  month     = {sep},
  doi       = {10.1002/cite.201600015},
  file      = {:C\:\\Users\\Mariuz\\Google Drive\\DA Fehlerfortpflanzung in Modularen Anlagen\\Literatur\\02_Artikel\\[Lier,Paul,Ferdinand,Gruenewald2017]Modular Process Engineering Development of Apparatuses for Transformable Production Systems.pdf:PDF},
  publisher = {Wiley-Blackwell},
}

@Article{Obst_2013,
  author    = {Michael Obst and Falk Doherr and Leon Urbas},
  title     = {Wissensbasiertes Assistenzsystem für modulares Engineering},
  journal   = {at - Automatisierungstechnik},
  year      = {2013},
  volume    = {61},
  number    = {2},
  pages     = {103--108},
  month     = {feb},
  doi       = {10.1524/auto.2013.0011},
  file      = {:C\:\\Users\\Mariuz\\Google Drive\\DA Fehlerfortpflanzung in Modularen Anlagen\\Literatur\\02_Artikel\\[Obst,Doherr,Urbas2013]Wissensbasiertes Assistenzsystem fuer modulares Engineering.pdf:PDF},
  publisher = {Walter de Gruyter {GmbH}},
}

@Article{Ohle_2014,
  author    = {Andrea Ohle and Michael Obst and Norbert Mollekopf and Leon Urbas},
  title     = {Modularisierung von Gaswäschern für die {CO} 2 -Entfernung aus Biogas},
  journal   = {Chemie Ingenieur Technik},
  year      = {2014},
  volume    = {86},
  number    = {5},
  pages     = {640--648},
  month     = {apr},
  doi       = {10.1002/cite.201300163},
  file      = {:C\:\\Users\\Mariuz\\Google Drive\\DA Fehlerfortpflanzung in Modularen Anlagen\\Literatur\\02_Artikel\\[Ohle,Obst,Mollekopf,Urbas2014]Modularisierung von Gaswaeschern fuer die CO2-Entfernung aus Biogas.pdf:PDF},
  publisher = {Wiley-Blackwell},
}

@Article{Rath_2009,
  author    = {S. Rath and Ü. Can and E. Leimer},
  title     = {Quantitative Risikoanalyse ({QRA}) - Anwendungsbeispiele aus dem Gro{\ss}anlagenbau},
  journal   = {Chemie Ingenieur Technik},
  year      = {2009},
  volume    = {81},
  number    = {1-2},
  pages     = {53--62},
  month     = {feb},
  doi       = {10.1002/cite.200800157},
  file      = {:C\:\\Users\\Mariuz\\Google Drive\\DA Fehlerfortpflanzung in Modularen Anlagen\\Literatur\\02_Artikel\\[Rath,Can,Leimer2009]Quantitative Risikoanalyse_Beispiele aus Grossanlagenbau.pdf:PDF},
  publisher = {Wiley-Blackwell},
}

@Article{Vaidhyanathan_1995,
  author    = {Ramesh Vaidhyanathan and Venkat Venkatasubramanian},
  title     = {Digraph-based models for automated {HAZOP} analysis},
  journal   = {Reliability Engineering {\&} System Safety},
  year      = {1995},
  volume    = {50},
  number    = {1},
  pages     = {33--49},
  month     = {jan},
  doi       = {10.1016/0951-8320(95)00052-4},
  file      = {:C\:\\Users\\Mariuz\\Google Drive\\DA Fehlerfortpflanzung in Modularen Anlagen\\Literatur\\02_Artikel\\[Vaidhyanathan,Venkatasubramanian1995]Digraph-based models for automated HAZOP analysis.pdf:PDF},
  publisher = {Elsevier {BV}},
}

@Article{Wassilew_2017,
  author    = {Sachari Wassilew and Michael Obst and Chris Paul Iatrou and Leon Urbas},
  title     = {Abbildung des {NAMUR} Module Type Package auf {OPC} {UA}},
  journal   = {at - Automatisierungstechnik},
  year      = {2017},
  volume    = {65},
  number    = {1},
  month     = {jan},
  doi       = {10.1515/auto-2016-0103},
  file      = {:C\:\\Users\\Mariuz\\Google Drive\\DA Fehlerfortpflanzung in Modularen Anlagen\\Literatur\\02_Artikel\\[Wassilew,Obst,Iatrou,Urbas2017]Abbildung des NAMUR Module Type Package auf OPC UA.pdf:PDF},
  publisher = {Walter de Gruyter {GmbH}},
}

@Article{Brodhagen_2012,
  author    = {Andreas Brodhagen and Marcus Grünewald and Matthias Kleiner and Stefan Lier},
  title     = {Erhöhung der Wirtschaftlichkeit durch beschleunigte Produkt- und Prozessentwicklung mit Hilfe modularer und skalierbarer Apparate},
  journal   = {Chemie Ingenieur Technik},
  year      = {2012},
  volume    = {84},
  number    = {5},
  pages     = {624--632},
  month     = {mar},
  doi       = {10.1002/cite.201100220},
  file      = {:C\:\\Users\\Mariuz\\Google Drive\\DA Fehlerfortpflanzung in Modularen Anlagen\\Literatur\\02_Artikel\\[Brodhagen,Gruenewald,Kleiner,Lier2012]Erhoehung der Wirtschaftlichkeit durch modulare Apparate.pdf:PDF},
  publisher = {Wiley-Blackwell},
}

@Article{Kockmann_2012,
  author    = {Norbert Kockmann},
  title     = {Scale-up-fähiges Equipment für die Prozessentwicklung},
  journal   = {Chemie Ingenieur Technik},
  year      = {2012},
  volume    = {84},
  number    = {5},
  pages     = {646--659},
  month     = {apr},
  doi       = {10.1002/cite.201100218},
  file      = {:C\:\\Users\\Mariuz\\Google Drive\\DA Fehlerfortpflanzung in Modularen Anlagen\\Literatur\\02_Artikel\\[Kockmann2012]Scale-up-faehiges Equipment fuer die Prozessentwicklung.pdf:PDF},
  publisher = {Wiley-Blackwell},
}

@Article{Hessel_2012,
  author    = {Volker Hessel and Iris Vural Gürsel and Qi Wang and Timothy Noël and Jürgen Lang},
  title     = {Potenzialanalyse von Milli- und Mikroprozesstechniken für die Verkürzung von Prozessentwicklungszeiten - Chemie und Prozessdesign als Intensivierungsfelder},
  journal   = {Chemie Ingenieur Technik},
  year      = {2012},
  volume    = {84},
  number    = {5},
  pages     = {660--684},
  month     = {apr},
  doi       = {10.1002/cite.201200007},
  file      = {:C\:\\Users\\Mariuz\\Google Drive\\DA Fehlerfortpflanzung in Modularen Anlagen\\Literatur\\02_Artikel\\[Hessel,Guersel,Wang,Noel,Lang2012]Potenzialanalyse von Milli- und Mikroprozesstechniken .pdf:PDF},
  publisher = {Wiley-Blackwell},
}

@Article{Wachsen_2015,
  author    = {Olaf Wachsen and Vanessa Bacher and Andreas Geisbauer and Jörg Appel and Verena Niebuhr and Oliver Lade},
  title     = {Anforderungen der zukunftsorientierten Spezialchemie an die angewandte Reaktionstechnik},
  journal   = {Chemie Ingenieur Technik},
  year      = {2015},
  volume    = {87},
  number    = {6},
  pages     = {683--693},
  month     = {apr},
  doi       = {10.1002/cite.201400142},
  file      = {:C\:\\Users\\Mariuz\\Google Drive\\DA Fehlerfortpflanzung in Modularen Anlagen\\Literatur\\02_Artikel\\[Wachsen,Bacher,Geisbauer,Appel,Niebuhr,Lade2015]Anforderungen der zukunftsorientierten Spezialchemie an die Reaktionstechnik.pdf:PDF},
  publisher = {Wiley-Blackwell},
}

@Article{Grundemann_2012,
  author    = {Laura Grundemann and Martin Schoenitz and Stephan Scholl},
  title     = {Shorter Time-to-Market with Micro-Conti Processes},
  journal   = {Chemie Ingenieur Technik},
  year      = {2012},
  volume    = {84},
  number    = {5},
  pages     = {685--693},
  month     = {mar},
  doi       = {10.1002/cite.201100238},
  file      = {:C\:\\Users\\Mariuz\\Google Drive\\DA Fehlerfortpflanzung in Modularen Anlagen\\Literatur\\02_Artikel\\[Grundemann,Schoenitz,Scholl2012]Shorter Time-to-Market with Micro-Conti Processes.pdf:PDF},
  publisher = {Wiley-Blackwell},
}

@Article{Behr_2012,
  author    = {Arno Behr and Henning Witte and Michael Zagajewski},
  title     = {Scale-up durch Miniplant-Technik: Anwendungsbeispiele aus der homogenen Katalyse},
  journal   = {Chemie Ingenieur Technik},
  year      = {2012},
  volume    = {84},
  number    = {5},
  pages     = {694--703},
  month     = {apr},
  doi       = {10.1002/cite.201100169},
  file      = {:C\:\\Users\\Mariuz\\Google Drive\\DA Fehlerfortpflanzung in Modularen Anlagen\\Literatur\\02_Artikel\\[Behr,Witte,Zagajewski2012]Scale-up durch Miniplant-Technik_ Anwendungsbeispiele aus der homogenen Katalyse.pdf:PDF},
  publisher = {Wiley-Blackwell},
}

@Comment{jabref-meta: databaseType:bibtex;}
